@inproceedings{lime,
author = {Ribeiro, Marco Tulio and Singh, Sameer and Guestrin, Carlos},
booktitle = {KDD},
title = {{"Why should i trust you?" Explaining the predictions of any classifier}},
year = {2016}
}
% pages = {1135--1144},

@inproceedings{Mahendran2015,
author = {Mahendran, Aravindh and Vedaldi, Andrea},
booktitle = {CVPR},
month = {jun},
title = {{Understanding deep image representations by inverting them}},
year = {2015}
}
@article{lrp,
author = {Bach, Sebastian and Binder, Alexander and Montavon, Gr{\'{e}}goire and Klauschen, Frederick and M{\"{u}}ller, Klaus Robert and Samek, Wojciech},
journal = {PLoS ONE},
title = {{On pixel-wise explanations for non-linear classifier decisions by layer-wise relevance propagation}},
year = {2015}
}
@article{Montavon2018,
author = {Montavon, Gr{\'{e}}goire and Samek, Wojciech and M{\"{u}}ller, Klaus Robert},
journal = {Digital Signal Processing: A Review Journal},
title = {{Methods for interpreting and understanding deep neural networks}},
year = {2018}
}
@inproceedings{gbp,
author = {Springenberg, Jost Tobias and Dosovitskiy, Alexey and Brox, Thomas and Riedmiller, Martin},
booktitle = {ICLR},
title = {{Striving for simplicity: The all convolutional net}},
year = {2015}
}
@article{deeptaylor,
author = {Montavon, Gr{\'{e}}goire and Lapuschkin, Sebastian and Binder, Alexander and Samek, Wojciech and M{\"{u}}ller, Klaus Robert},
journal = {Pattern Recognition},
title = {{Explaining nonlinear classification decisions with deep Taylor decomposition}},
year = {2017}
}
@inproceedings{Selvaraju2017,
author = {Selvaraju, Ramprasaath R. and Cogswell, Michael and Das, Abhishek and Vedantam, Ramakrishna and Parikh, Devi and Batra, Dhruv},
booktitle = {ICCV},
title = {{Grad-CAM: Visual Explanations from Deep Networks via Gradient-Based Localization}},
year = {2017}
}
@inproceedings{patternnet,
author = {Kindermans, Pieter Jan and Sch{\"{u}}tt, Kristof T. and Alber, Maximilian and M{\"{u}}ller, Klaus Robert and Erhan, Dumitru and Kim, Been and D{\"{a}}hne, Sven},
booktitle = {ICLR},
title = {{Learning how to explain neural networks: Patternnet and Patternattribution}},
year = {2018}
}
@article{lecun2015deep,
author = {LeCun, Yann and Bengio, Yoshua and Hinton, Geoffrey},
journal = {Nature},
number = {7553},
publisher = {Nature Publishing Group},
title = {{Deep learning}},
volume = {521},
year = {2015}
}
@inproceedings{glow,
author = {Kingma, Diederik P. and Dhariwal, Prafulla},
booktitle = {NeurIPS},
title = {{Glow: Generative Flow with Invertible 1x1 Convolutions}},
year = {2018}
}
@inproceedings{flowpp,
  author    = {Ho, Jonathan and
               Chen, Xi and
               Srinivas, Aravind and
               Duan, Yan and
               Abbeel, Pieter},
  title     = {Flow++: Improving Flow-Based Generative Models with Variational Dequantization
               and Architecture Design},
  booktitle = {ICML},
  year      = {2019},
}

@inproceedings{vae,
author = {Bengio, Yoshua and LeCun, Yann},
booktitle = {ICLR},
title = {{Auto-Encoding Variational Bayes}},
year = {2014}
}
@inproceedings{fgan,
author = {Nowozin, Sebastian and Cseke, Botond and Tomioka, Ryota},
booktitle = {NIPS},
title = {{f-GAN: Training generative neural samplers using variational divergence minimization}},
year = {2016}
}
@inproceedings{node,
author = {Chen, Ricky T.Q. and Rubanova, Yulia and Bettencourt, Jesse and Duvenaud, David},
booktitle = {NeurIPS},
title = {{Neural ordinary differential equations}},
year = {2018}
}
@inproceedings{deconvnet,
  author    = {Matthew D. Zeiler and
               Rob Fergus},
  title     = {Visualizing and Understanding Convolutional Networks},
  booktitle = {ECCV},
  year      = {2014},
}
@inproceedings{Chang2019,
author = {Chang, Chun Hao and Creager, Elliot and Goldenberg, Anna and Duvenaud, David},
booktitle = {ICLR},
title = {{Explaining image classifiers by counterfactual generation}},
year = {2019}
}
@inproceedings{realnvp,
author = {Dinh, Laurent and Sohl-Dickstein, Jascha and Bengio, Samy},
booktitle = {ICLR},
title = {{Density estimation using real NVP}},
year = {2019}
}
@inproceedings{Chang2017,
author = {Chang, Chun-Hao and Creager, Elliot and Goldenberg, Anna and Duvenaud, David},
booktitle = {NIPS},
title = {{Interpreting Neural Network Classifications with Variational Dropout Saliency Maps}},
year = {2017}
}
@inproceedings{emerging,
author = {Hoogeboom, Emiel and van den Berg, Rianne and Welling, Max},
booktitle = {ICML},
title = {{Emerging Convolutions for Generative Normalizing Flows}},
year = {2019}
}
@article{wang2019,
author = {Wang, Junpeng and Gou, Liang and Zhang, Wei and Yang, Hao and Shen, Han Wei},
journal = {IEEE Transactions on Visualization and Computer Graphics},
title = {{Deepvid: deep visual interpretation and diagnosis for image classifiers via knowledge distillation}},
year = {2019}
}
@article{Goodman2017,
author = {Goodman, Bryce and Flaxman, Seth},
journal = {AI Magazine},
keywords = {Fall 2017},
title = {{European union regulations on algorithmic decision making and a "right to explanation"}},
year = {2017}
}
@inproceedings{Jacobsen2019,
author = {Jacobsen, J{\"{o}}rn Henrik and Behrmann, Jens and Zemel, Richard and Bethge, Matthias},
booktitle = {ICLR},
title = {{Excessive invariance causes adversarial vulnerability}},
year = {2019}
}
@inproceedings{Goodfellow2014,
author = {Goodfellow, Ian J. and Pouget-Abadie, Jean and Mirza, Mehdi and Xu, Bing and Warde-Farley, David and Ozair, Sherjil and Courville, Aaron and Bengio, Yoshua},
booktitle = {NIPS},
title = {{Generative adversarial nets}},
year = {2014}
}
@inproceedings{resnet,
author = {He, Kaiming and Zhang, Xiangyu and Ren, Shaoqing and Sun, Jian},
booktitle = {CVPR},
title = {{Deep residual learning for image recognition}},
year = {2016}
}
@inproceedings{ffjord,
author = {Grathwohl, Will and Chen, Ricky T.Q. and Bettencourt, Jesse and Sutskever, Ilya and Duvenaud, David},
booktitle = {ICLR},
title = {{Ffjord: Free-form continuous dynamics for scalable reversible generative models}},
year = {2019}
}
@article{shap,
  title={Explaining prediction models and individual predictions with feature contributions},
  author={{\v{S}}trumbelj, Erik and Kononenko, Igor},
  journal={Knowledge and information systems},
  volume={41},
  number={3},
  pages={647--665},
  year={2014},
  publisher={Springer}
}
@inproceedings{deeplift,
author = {Shrikumar, Avanti and Greenside, Peyton and Kundaje, Anshul},
booktitle = {ICML},
title = {{Learning important features through propagating activation differences}},
year = {2017}
}
@inproceedings{intgrad,
author = {Sundararajan, Mukund and Taly, Ankur and Yan, Qiqi},
booktitle = {ICML},
keywords = {integrated gradients},
mendeley-tags = {integrated gradients},
title = {{Axiomatic attribution for deep networks}},
year = {2017}
}
@inproceedings{Zintgraf2017,
author = {Zintgraf, Luisa M. and Cohen, Taco S. and Adel, Tameem and Welling, Max},
booktitle = {ICLR},
title = {{Visualizing deep neural network decisions: Prediction difference analysis}},
year = {2017}
}

% Before 2018 we use NIPs and after 2018 we use NeurIPS. 
@article{parallelqr,
  title={Implementing QR factorization updating algorithms on GPUs},
  author={Andrew, Robert and Dingle, Nicholas},
  journal={Parallel Computing},
  volume={40},
  number={7},
  pages={161--172},
  year={2014},
  publisher={Elsevier}
}

@inproceedings{revnet,
  title={The {R}eversible {R}esidual {N}etwork: {B}ackpropagation {W}ithout {S}toring {A}ctivations},
  author={Gomez, Aidan N and Ren, Mengye and Urtasun, Raquel and Grosse, Roger B},
  booktitle={NIPS},
  year={2017}
}

@article{qrhh,
  title={Constructive {W}ays for {G}enerating ({G}eneralized) {R}eal {O}rthogonal {M}atrices as {P}roducts of ({G}eneralized) {S}ymmetries},
  author={Uhlig, Frank},
  journal={Linear Algebra and its Applications},
  year={2001}
}

@inproceedings{pytorch,
title = {PyTorch: An {I}mperative {S}tyle, {H}igh-{P}erformance {D}eep {L}earning {L}ibrary},
author = {Paszke, Adam and Gross, Sam and Massa, Francisco and Lerer, Adam and Bradbury, James and Chanan, Gregory and Killeen, Trevor and Lin, Zeming and Gimelshein, Natalia and Antiga, Luca and Desmaison, Alban and Kopf, Andreas and Yang, Edward and DeVito, Zachary and Raison, Martin and Tejani, Alykhan and Chilamkurthy, Sasank and Steiner, Benoit and Fang, Lu and Bai, Junjie and Chintala, Soumith},
booktitle = {NeurIPS},
year = {2019}
}

@inproceedings{cayley1,
  title={Improving {N}ormalizing {F}lows via {B}etter {O}rthogonal {P}arameterizations},
  author={Golinski, Adam and Lezcano-Casado, Mario and Rainforth, Tom},
  booktitle={ICML Workshop on Invertible Neural Networks and Normalizing Flows},
  year={2019}
}

@inproceedings{
cayley2,
title={Efficient {R}iemannian {O}ptimization on the {S}tiefel {M}anifold via the {C}ayley {T}ransform},
author={Jun Li and Fuxin Li and Sinisa Todorovic},
booktitle={ICLR},
year={2020}
}


@inproceedings{orthhh,
  title={Efficient {O}rthogonal {P}arametrisation of {R}ecurrent {N}eural {N}etworks {U}sing {H}ouseholder {R}eflections},
  author={Mhammedi, Zakaria and Hellicar, Andrew and Rahman, Ashfaqur and Bailey, James},
  booktitle={ICML},
  year={2017}
}

@inproceedings{sylvesternf,
  title={Sylvester {N}ormalizing {F}lows for {V}ariational {I}nference
  }, 
  author={van den Berg, Rianne and Hasenclever, Leonard and Tomczak, Jakub and Welling, Max},
  booktitle={Conference on Uncertainty in Artificial Intelligence},
  year={2018}
}

@article{wydec,
  title={The {WY} {R}epresentation for {P}roducts of {H}ouseholder {M}atrices},
  author={Bischof, Christian and Van Loan, Charles},
  journal={SIAM Journal on Scientific and Statistical Computing},
  year={1987},
  publisher={SIAM}
}

@inproceedings{svdnn,
  title={Stabilizing {G}radients for {D}eep {N}eural {N}etworks via {E}fficient {SVD} {P}arameterization},
  author={Zhang, Jiong and Lei, Qi and Dhillon, Inderjit},
  booktitle={ICML},
  year={2018}
}


@inproceedings{gans,
  title={Generative {A}dversarial {N}ets},
  author={Goodfellow, Ian and Pouget-Abadie, Jean and Mirza, Mehdi and Xu, Bing and Warde-Farley, David and Ozair, Sherjil and Courville, Aaron and Bengio, Yoshua},
  booktitle={NIPS},
  year={2014}
}

@inproceedings{nice,
  author    = {Laurent Dinh and
               David Krueger and
               Yoshua Bengio},
  title     = {{NICE:} {N}on-{L}inear {I}ndependent {C}omponents {E}stimation},
  booktitle = {{ICLR} (Workshop)},
  year      = {2015}
}

@inproceedings{sngan,
title={Spectral {N}ormalization for {G}enerative {A}dversarial {N}etworks},
author={Takeru Miyato and Toshiki Kataoka and Masanori Koyama and Yuichi Yoshida},
booktitle={ICLR},
year={2018}
}

@misc{keras,
  title={Keras},
  author={Chollet, Fran\c{c}ois and others},
  year={2015},
  howpublished={\url{https://keras.io}},
}


@inproceedings{compresswithsvd,
  title={Restructuring of {D}eep {N}eural {N}etwork {A}coustic {M}odels with {S}ingular {V}alue {D}ecomposition.},
  author={Xue, Jian and Li, Jinyu and Gong, Yifan},
  year={2013},
  booktitle={Conference of the International Speech Communication Association}
}

@inproceedings{matrixexp1,
  title = 	 {Cheap {O}rthogonal {C}onstraints in {N}eural {N}etworks: A {S}imple {P}arametrization of the {O}rthogonal and {U}nitary {G}roup},
  author = 	 {Lezcano-Casado, Mario and Mart\'{\i}nez-Rubio, David},
  booktitle = 	 {ICML},
  year = 	 {2019}
}

@inproceedings{matrixexp2,
  title={Trivializations for {G}radient-{B}ased {O}ptimization on {M}anifolds},
  author={Casado, Mario Lezcano},
  booktitle={NeurIPS},
  year={2019}
}
@inproceedings{iresnet,
author = {Behrmann, Jens and Grathwohl, Will and Chen, Ricky T.Q. and Duvenaud, David and Jacobsen, J{\"{o}}rn Henrik},
booktitle = {ICML},
file = {:home/fhv/Documents/Mendeley Desktop/1811.00995.pdf:pdf},
title = {{Invertible residual networks}},
year = {2019}
}
@article{Samek2017,
author = {Samek, Wojciech and Binder, Alexander and Montavon, Gr{\'{e}}goire and Lapuschkin, Sebastian and M{\"{u}}ller, Klaus Robert},
journal = {IEEE Transactions on Neural Networks and Learning Systems},
title = {{Evaluating the visualization of what a deep neural network has learned}},
year = {2017}
}
@inproceedings{sanitychecks,
author = {Adebayo, Julius and Gilmer, Justin and Muelly, Michael and Goodfellow, Ian and Hardt, Moritz and Kim, Been},
booktitle = {NeurIPS},
title = {{Sanity checks for saliency maps}},
year = {2018}
}
@inproceedings{circularrnn,
  title={Holographic recurrent networks},
  author={Plate, Tony A},
  booktitle={NIPS},
  year={1993}
}
@article{fcnn2,
author = {Abtahi, Tahmid and Shea, Colin and Kulkarni, Amey and Mohsenin, Tinoosh},
year = {2018},
title = {Accelerating Convolutional Neural Network With FFT on Embedded Hardware},
journal = {VLSI},
}
@book{dsp,
  title={Digital signal processing: a practical guide for engineers and scientists},
  author={Smith, Steven},
  year={2013},
  publisher={Elsevier}
}
@book{structuredmatricesbook,
  title={Templates for the solution of algebraic eigenvalue problems: a practical guide},
  author={Bai, Zhaojun and Demmel, James and Dongarra, Jack and Ruhe, Axel and van der Vorst, Henk},
  year={2000},
  publisher={SIAM}
}

@inproceedings{vgg16,
author = {Simonyan, Karen and Zisserman, Andrew},
booktitle = {ICLR},
title = {{Very deep convolutional networks for large-scale image recognition}},
year = {2015}
}
@article{attentionDistill,
  author = {Olah, Chris and Carter, Shan},
  title = {Attention and Augmented Recurrent Neural Networks},
  journal = {Distill},
  year = {2016},
  url = {http://distill.pub/2016/augmented-rnns},
  doi = {10.23915/distill.00001}
}
@inproceedings{attentionisall,
title = {Attention is All you Need},
author = {Vaswani, Ashish and Shazeer, Noam and Parmar, Niki and Uszkoreit, Jakob and Jones, Llion and Gomez, Aidan N and Kaiser, \L ukasz and Polosukhin, Illia},
booktitle = {NIPS},
year = {2017},
}
@inproceedings{attentionrnn,
  author    = {Bahdanau, Dzmitry and Cho, Kyunghyun and Bengio, Yoshua},
  title     = {Neural Machine Translation by Jointly Learning to Align and Translate},
  booktitle = {ICLR},
  year      = {2015},
}
@inproceedings{Bahdanau2015,
author = {Bahdanau, Dzmitry and Cho, Kyung Hyun and Bengio, Yoshua},
booktitle = {ICLR},
title = {{Neural machine translation by jointly learning to align and translate}},
year = {2015}
}
@inproceedings{Nie2018,
author = {Nie, Weili and Zhang, Yang and Patel, Ankit B.},
booktitle = {ICML},
title = {{A theoretical explanation for perplexing behaviors of backpropagation-based visualizations}},
year = {2018}
}
@incollection{Kindermans2017,
    author = {Kindermans, Pieter-Jan and Hooker, Sara and Adebayo, Julius and Alber, Maximilian and Sch{\"{u}}tt, Kristof T and D{\"{a}}hne, Sven and Erhan, Dumitru and Kim, Been},
    booktitle = {Explainable AI: Interpreting, Explaining and Visualizing Deep Learnin},
    pages = {267--280},
    publisher = {Springer International Publishing},
    title = {{The (Un)reliability of saliency methods}},
    year = {2019}
}

@inproceedings{goyal19a,
author = {Goyal, Yash and Wu, Ziyan and Ernst, Jan and Batra, Dhruv and Parikh, Devi and Lee, Stefan},
booktitle = {ICML},
title = {{Counterfactual Visual Explanations}},
year = {2019}
}
@article{Wachter2017,
author = {Wachter, Sandra and Mittelstadt, Brent and Russell, Chris},
journal = {Harv. JL {\&} Tech.},
pages = {841},
title = {{Counterfactual explanations without opening the black box: Automated decisions and the GDPR}},
volume = {31},
year = {2017}
}
@article{Russell2019,
author = {Russell, Chris},
journal = {Proceedings of the 2019 Conference on Fairness, Accountability, and Transparency},
title = {{Efficient search for diverse coherent explanations}},
year = {2019}
}

@inproceedings{Chang2019b,
author = {Chang, Chun Hao and Creager, Elliot and Goldenberg, Anna and Duvenaud, David},
booktitle = {ICLR},
title = {{Explaining image classifiers by counterfactual generation}},
year = {2019}
}
@inproceedings{liu2015faceattributes,
 title = {Deep Learning Face Attributes in the Wild},
 author = {Liu, Ziwei and Luo, Ping and Wang, Xiaogang and Tang, Xiaoou},
 booktitle = {ICCV},
 year = {2015} 
}
@article{Achanta2012,
author = {Achanta, Radhakrishna and Shaji, Appu and Smith, Kevin and Lucchi, Aurelien and Fua, Pascal and S{\"{u}}sstrunk, Sabine},
journal = {IEEE Transactions on Pattern Analysis and Machine Intelligence},
number = {11},
pages = {2274--2282},
title = {{SLIC Superpixels Compared to State-of-the-Art Superpixel Methods}},
volume = {34},
year = {2012}
}
% Arxivs
@article{orthogonal,
  title={Cheap Orthogonal Constraints in Neural Networks: A Simple Parametrization of the Orthogonal and Unitary Group},
  author={Lezcano-Casado, Mario and Mart{\'\i}nez-Rubio, David},
  journal={arXiv preprint arXiv:1901.08428},
  year={2019}
}
@article{generalize_compress,
  title={Stronger generalization bounds for deep nets via a compression approach},
  author={Arora, Sanjeev and Ge, Rong and Neyshabur, Behnam and Zhang, Yi},
  journal={arXiv preprint arXiv:1802.05296},
  year={2018}
}
@article{elephant,
author = {Rosenfeld, Amir and Zemel, Richard and Tsotsos, John},
Title = {The Elephant in the Room},
Year = {2018},
journal={arXiv preprint arXiv:1808.03305},
}
@article{Arrieta2019,
author = {Arrieta, Alejandro Barredo and D{\'{i}}az-Rodr{\'{i}}guez, Natalia and {Del Ser}, Javier and Bennetot, Adrien and Tabik, Siham and Barbado, Alberto and Garc{\'{i}}a, Salvador and Gil-L{\'{o}}pez, Sergio and Molina, Daniel and Benjamins, Richard and Chatila, Raja and Herrera, Francisco},
title = {{Explainable Artificial Intelligence (XAI): Concepts, Taxonomies, Opportunities and Challenges toward Responsible AI}},
journal = {arXiv preprint arXiv:1910.10045},
year = {2019}
}
@article{houseVAE,
author = {Tomczak, Jakub M. and Welling, Max},
title = {{Improving Variational Auto-Encoders using Householder Flow}},
journal = {arXiv preprint arXiv:1611.09630},
year = {2016}
}
@article{constantbackprop,
  title={Training deep nets with sublinear memory cost},
  author={Chen, Tianqi and Xu, Bing and Zhang, Chiyuan and Guestrin, Carlos},
  journal={arXiv preprint arXiv:1604.06174},
  year={2016}
}
% Cited as authors suggest from:
% https://github.com/jmtomczak/vae_householder_flow
@article{hhnf,
  title={Improving {V}ariational {A}uto-{E}ncoders using {H}ouseholder {F}low},
  author={Tomczak, Jakub M and Welling, Max},
  journal={arXiv preprint arXiv:1611.09630},
  year={2016}
}
@article{Hendricks2018,
author = {Hendricks, Lisa Anne and Hu, Ronghang and Darrell, Trevor and Akata, Zeynep},
journal = {arXiv preprint arXiv:1806.09809},
title = {{Generating Counterfactual Explanations with Natural Language}},
year = {2018}
}
@article{Grath2018,
journal = {arXiv preprint arXiv:1811.05245},
author = {Grath, Rory Mc and Costabello, Luca and Van, Chan Le and Sweeney, Paul and Kamiab, Farbod and Shen, Zhao and Lecue, Freddy},
title = {{Interpretable Credit Application Predictions With Counterfactual Explanations}},
year = {2018}
}
@article{Sharma2019,
author = {Sharma, Shubham and Henderson, Jette and Ghosh, Joydeep},
journal = {CoRR},
title = {{CERTIFAI: Counterfactual Explanations for Robustness, Transparency, Interpretability, and Fairness of Artificial Intelligence models}},
url = {http://arxiv.org/abs/1905.07857},
year = {2019}
}
@article{Kindermans2016,
author = {Kindermans, Pieter-Jan and Sch{\"{u}}tt, Kristof and M{\"{u}}ller, Klaus-Robert and D{\"{a}}hne, Sven},
title = {{Investigating the influence of noise and distractors on the interpretation of neural networks}},
journal = {arXiv preprint arXiv:1611.07270},
year = {2016}
}
@article{Simonyan2013,
author = {Simonyan, Karen and Vedaldi, Andrea and Zisserman, Andrew},
title = {{Deep Inside Convolutional Networks: Visualising Image Classification Models and Saliency Maps}},
year = {2013},
journal = {arxiv preprint arXiv:1312.6034},
}
@article{smoothgrad,
author = {Smilkov, Daniel and Thorat, Nikhil and Kim, Been and Vi{\'{e}}gas, Fernanda and Wattenberg, Martin},
title = {{SmoothGrad: removing noise by adding noise}},
year = {2017},
journal = {arXiv preprint arXiv:1706.03825},
}
@article{behrmann2020understanding,
  title={Understanding and mitigating exploding inverses in invertible neural networks},
  author={Behrmann, Jens and Vicol, Paul and Wang, Kuan-Chieh and Grosse, Roger and Jacobsen, J{\"o}rn-Henrik},
  journal={arXiv preprint arXiv:2006.09347},
  year={2020}
}

@inproceedings{ng2002discriminative,
  title={On discriminative vs. generative classifiers: A comparison of logistic regression and naive bayes},
  author={Ng, Andrew Y and Jordan, Michael I},
  booktitle={NIPS},
  year={2002}
}
  % pages={841--848},

@article{semiconditional,
  title={Semi-conditional normalizing flows for semi-supervised learning},
  author={Atanov, Andrei and Volokhova, Alexandra and Ashukha, Arsenii and Sosnovik, Ivan and Vetrov, Dmitry},
  journal={arXiv preprint arXiv:1905.00505},
  year={2019}
}

@inproceedings{gmmflow,
  title={Semi-supervised learning with normalizing flows},
  author={Izmailov, Pavel and Kirichenko, Polina and Finzi, Marc and Wilson, Andrew Gordon},
  booktitle={ICML},
  year={2020},
}
  % pages={4615--4630},

@article{ibinn,
  title={Training normalizing flows with the information bottleneck for competitive generative classification},
  author={Ardizzone, Lynton and Mackowiak, Radek and Rother, Carsten and K{\"o}the, Ullrich},
  journal={NeurIPS},
  year={2020}
}

@article{expl-inn,
  title={Generative Classifiers as a Basis for Trustworthy Computer Vision},
  author={Mackowiak, Radek and Ardizzone, Lynton and K{\"o}the, Ullrich and Rother, Carsten},
  journal={arXiv preprint arXiv:2007.15036},
  year={2020}
}

@article{xiao2019method,
  title={A Method to Model Conditional Distributions with Normalizing Flows},
  author={Xiao, Zhisheng and Yan, Qing and Amit, Yali},
  journal={arXiv preprint arXiv:1911.02052},
  year={2019}
}
@article{Nguyen2019,
author = {Nguyen, Tan M. and Garg, Animesh and Baraniuk, Richard G. and Anandkumar, Anima},
journal = {arXiv preprint arXiv:1912.03978},
title = {{InfoCNF: Efficient conditional continuous normalizing flow using adaptive solvers}},
year = {2019}
}
@article{cflow-birds,
author = {Ardizzone, Lynton and L{\"{u}}th, Carsten and Kruse, Jakob and Rother, Carsten and K{\"{o}}the, Ullrich},
journal = {arXiv preprint arXiv:1907.02392},
title = {{Guided image generation with conditional invertible neural networks}},
year = {2019}
}

@article{ngGC,
author = {Ng, Andrew Y. and Jordan, Michael I.},
journal = {NIPS},
title = {{On Discriminative vs. Generative classifiers: A comparison of logistic regression and naive Bayes}},
year = {2001}
}

@article{mnist,
  author = {LeCun, Yann and Cortes, Corinna},
  howpublished = {http://yann.lecun.com/exdb/mnist/},
  title = {{MNIST} handwritten digit database},
  url = {http://yann.lecun.com/exdb/mnist/},
  year = 2010
}

@article{todo,
  author = {TODO},
  title = {Need to fix reference},
  url = {todo},
  year = 2021,
  journal = {TODOs}
}

@article{pearl2015a,
  title={Causes of effects and effects of causes},
  author={Pearl, Judea},
  journal={Sociological Methods \& Research},
  volume={44},
  number={1},
  pages={149--164},
  year={2015},
  publisher={Sage Publications Sage CA: Los Angeles, CA}
}
@article{pearl_causal_ladder,
  title={Theoretical impediments to machine learning with seven sparks from the causal revolution},
  author={Pearl, Judea},
  journal={arXiv preprint arXiv:1801.04016},
  year={2018}
}

@inproceedings{ Fetaya2020Understanding,
    title={Understanding the Limitations of Conditional Generative Models},
    author={Ethan Fetaya and Joern-Henrik Jacobsen and Will Grathwohl and Richard Zemel},
    booktitle={ICLR},
    year={2020},
    url={https://openreview.net/forum?id=r1lPleBFvH}
}

@inproceedings{celeba,
author = {Karras, Tero and Aila, Timo and Laine, Samuli and Lehtinen, Jaakko},
booktitle = {ICLR},
title = {{Progressive Growing of GANs for Improved Quality, Stability, and Variation}},
year = {2018}
}

@inproceedings{unifiedShap,
 author = {Lundberg, Scott M and Lee, Su-In},
 booktitle = {NIPS},
 title = {A Unified Approach to Interpreting Model Predictions},
 year = {2017}
}

@article{smoothtaylor,
    title={Understanding Integrated Gradients with SmoothTaylor for Deep Neural Network Attribution},
    author={Gary S. W. Goh and Sebastian Lapuschkin and Leander Weber and Wojciech Samek and Alexander Binder},
    year={2020},
    eprint={2004.10484},
    archivePrefix={arXiv},
    primaryClass={cs.CV}
}

@inproceedings{inceptionv3,
  author={Szegedy, Christian and Vanhoucke, Vincent and Ioffe, Sergey and Shlens, Jon and Wojna, Zbigniew},
  title={Rethinking the inception architecture for computer vision},
  booktitle={CVPR},
  year={2016}
}
  % pages={2818--2826},

@inproceedings{amax-fooled,
  author    = {Anh Mai Nguyen and Jason Yosinski and Jeff Clune},
  title     = {Deep neural networks are easily fooled: High confidence predictions
               for unrecognizable images},
  booktitle = {CVPR},
  year      = {2015},
}
  % pages     = {427--436},

@inproceedings{amax-understanding,
  title={Understanding deep image representations by inverting them},
  author={Mahendran, Aravindh and Vedaldi, Andrea},
  booktitle={CVPR},
  year={2015}
}
  % pages={5188--5196},

@inproceedings{simonyanVZ13,
  author    = {Karen Simonyan and Andrea Vedaldi and Andrew Zisserman},
  title     = {Deep Inside Convolutional Networks: Visualising Image Classification
               Models and Saliency Maps},
  booktitle = {ICLR},
  year      = {2014},
}

@article{Vermeire2020,
    author = {Vermeire, Tom and Martens, David},
    journal = {arXiv preprint arXiv:2004.07511},
    title = {{Explainable image classification with evidence counterfactual}},
    year = {2020}
}
@article{cheng2021dece,
  author    = {Furui Cheng and Yao Ming and Huamin Qu},
  title     = {{DECE:} Decision Explorer with Counterfactual Explanations for Machine Learning Models},
  journal   = {{IEEE} Transactions on Visualization and Computer Graphics},
  volume    = {27},
  number    = {2},
  pages     = {1438--1447},
  year      = {2021},
}

@article{cheng2020dece,
  title={DECE: Decision Explorer with Counterfactual Explanations for Machine Learning Models},
  author={Cheng, Furui and Ming, Yao and Qu, Huamin},
  journal={},
  year={2020},
  publisher={IEEE}
}
@article{Gomez2020,
author = {Gomez, Oscar and Holter, Steffen and Yuan, Jun and Bertini, Enrico},
journal = {International Conference on Intelligent User Interfaces, Proceedings IUI},
pages = {531--535},
title = {{ViCE: Visual Counterfactual Explanations for Machine Learning Models}},
year = {2020}
}

@article{Akula2020,
author = {Akula, Arjun and Wang, Shuai and Zhu, Song-Chun},
journal = {Proceedings of the AAAI Conference on Artificial Intelligence},
title = {{CoCoX: Generating Conceptual and Counterfactual Explanations via Fault-Lines}},
year = {2020}
}
@article{Pan2019,
author = {Pan, Jingjing and Goyal, Yash and Lee, Stefan},
journal = {arXiv preprint arXiv:1911.06352},
title = {{Question-conditioned counterfactual image generation for VQA}},
year = {2019}
}

@article{VanLooveren2019,
author = {{Van Looveren}, Arnaud and Klaise, Janis},
journal = {arXiv preprint arXiv:1907.02584},
title = {{Interpretable counterfactual explanations guided by prototypes}},
year = {2019}
}


@article{Jacovi2021,
author = {Jacovi, Alon and Swayamdipta, Swabha and Ravfogel, Shauli and Elazar, Yanai and Choi, Yejin and Goldberg, Yoav},
journal = {arXiv preprint arXiv:2103.01378},
title = {{Contrastive Explanations for Model Interpretability}},
year = {2021}
}

@article{Wu2021,
author = {Wu, Tongshuang and Ribeiro, Marco Tulio and Heer, Jeffrey and Weld, Daniel S.},
title = {{Polyjuice: Automated, General-purpose Counterfactual Generation}},
journal = {arXiv preprint arXiv:2101.00288},
year = {2021}
}


@article{SinHan2020,
  author    = {Sin{-}Han Kang and Honggyu Jung and Dong{-}Ok Won and Seong{-}Whan Lee},
  title     = {Counterfactual Explanation Based on Gradual Construction for Deep Networks},
  year      = {2020},
  journal = {arXiv preprint arXiv:2008.01897},
}

@inproceedings{Wang2020,
arxivId = {2004.07769},
author = {Wang, Pei and Vasconcelos, Nuno},
booktitle = {CVPR},
title = {{SCOUT: Self-aware Discriminant Counterfactual Explanations}},
year = {2020}
}

@inproceedings{Dhurandhar2018,
author = {Dhurandhar, Amit and Chen, Pin Yu and Luss, Ronny and Tu, Chun Chen and Ting, Paishun and Shanmugam, Karthikeyan and Das, Payel},
booktitle = {NeurIPS},
title = {{Explanations based on the Missing: Towards Contrastive Explanations with Pertinent Negatives}},
year = {2018}
}

@article{su2019one,
  title={One pixel attack for fooling deep neural networks},
  author={Su, Jiawei and Vargas, Danilo Vasconcellos and Sakurai, Kouichi},
  journal={IEEE Transactions on Evolutionary Computation},
  volume={23},
  number={5},
  pages={828--841},
  year={2019},
  publisher={IEEE}
}

@article{alphago,
  title={Mastering the game of Go with deep neural networks and tree search},
  author={Silver, David and Huang, Aja and Maddison, Chris J and Guez, Arthur and Sifre, Laurent and Van Den Driessche, George and Schrittwieser, Julian and Antonoglou, Ioannis and Panneershelvam, Veda and Lanctot, Marc and others},
  journal={nature},
  volume={529},
  number={7587},
  pages={484--489},
  year={2016},
  publisher={Nature Publishing Group}
}

@InProceedings{noisyStudent,
  author = {Xie, Qizhe and Luong, Minh-Thang and Hovy, Eduard and Le, Quoc V.},
  title = {Self-Training With Noisy Student Improves ImageNet Classification},
  booktitle = {CVPR},
  year = {2020}
}

@article{radford2019language,
  title={Language models are unsupervised multitask learners},
  author={Radford, Alec and Wu, Jeffrey and Child, Rewon and Luan, David and Amodei, Dario and Sutskever, Ilya},
  journal={OpenAI blog},
  volume={1},
  number={8},
  pages={9},
  year={2019}
}

@article{adam,
  title={{Adam: A Method for Stochastic Optimization}},
  author={Kingma, Diederik P and Ba, Jimmy},
  journal={arXiv preprint arXiv:1412.6980},
  year={2014}
}