@inproceedings{fasth,
  author    = {Alexander Mathiasen and
               Frederik Hvilsh{\o}j and
               Jakob R{\o}dsgaard J{\o}rgensen and
               Anshul Nasery and
               Davide Mottin},
  editor    = {Hugo Larochelle and
               Marc'Aurelio Ranzato and
               Raia Hadsell and
               Maria{-}Florina Balcan and
               Hsuan{-}Tien Lin},
  title     = {What if Neural Networks had SVDs?},
  booktitle = {NeurIPS},
  year      = {2020},
}

@article{fastfid,
  author    = {Alexander Mathiasen and
               Frederik Hvilsh{\o}j},
  title     = {Fast Fr{\'{e}}chet Inception Distance},
  journal   = {CoRR},
  volume    = {abs/2009.14075},
  year      = {2020},
  url       = {https://arxiv.org/abs/2009.14075},
  eprinttype = {arXiv},
  eprint    = {2009.14075},
}

@inproceedings{ecinn,
  author    = {Frederik Hvilsh{\o}j and
               Alexandros Iosifidis and
               Ira Assent},
  title     = {{ECINN:} Efficient Counterfactuals from Invertible Neural Networks},
  booktitle   = {BMVC},
  year      = {2021},
}


@article{evaluation,
  author    = {Frederik Hvilsh{\o}j and
               Alexandros Iosifidis and
               Ira Assent},
  title     = {On Quantitative Evaluations of Counterfactuals},
  journal   = {CoRR},
  volume    = {abs/XXX},
  year      = {2021},
  url       = {https://arxiv.org/abs/XXX},
  eprinttype = {arXiv},
  eprint    = {XXX},
}